[gd_scene load_steps=25 format=2]

[ext_resource path="res://Assets/Background/Bedroom/chair.png" type="Texture" id=1]
[ext_resource path="res://Assets/Background/Bedroom/curtain close.png" type="Texture" id=2]
[ext_resource path="res://Assets/Button/interactButton.png" type="Texture" id=3]
[ext_resource path="res://Assets/Background/Bedroom/bed with chris.png" type="Texture" id=4]
[ext_resource path="res://Assets/Background/Bedroom/curtain open.png" type="Texture" id=5]
[ext_resource path="res://Assets/Background/Bedroom/lamp.png" type="Texture" id=6]
[ext_resource path="res://Assets/Background/Bedroom/bedroom morning.png" type="Texture" id=7]
[ext_resource path="res://Assets/Background/Bedroom/light.png" type="Texture" id=8]
[ext_resource path="res://Assets/Background/Bedroom/bed.png" type="Texture" id=9]
[ext_resource path="res://Scripts/Chris 2.gd" type="Script" id=10]
[ext_resource path="res://Scenes/Chris.tscn" type="PackedScene" id=11]
[ext_resource path="res://Scripts/gotoLivingroom.gd" type="Script" id=12]
[ext_resource path="res://Scripts/AreaCurtain.gd" type="Script" id=13]
[ext_resource path="res://Scripts/AreaBed 2.gd" type="Script" id=14]
[ext_resource path="res://Scripts/AreaLamp.gd" type="Script" id=15]
[ext_resource path="res://Assets/Background/Bedroom/bedroom morning hide.png" type="Texture" id=19]
[ext_resource path="res://Assets/Background/Bedroom/clock morning.png" type="Texture" id=20]
[ext_resource path="res://Assets/Sound/morning.wav" type="AudioStream" id=21]

[sub_resource type="Animation" id=1]
resource_name = "Fade"
length = 3.0
tracks/0/type = "value"
tracks/0/path = NodePath("ColorRect:color")
tracks/0/interp = 1
tracks/0/loop_wrap = true
tracks/0/imported = false
tracks/0/enabled = true
tracks/0/keys = {
"times": PoolRealArray( 0, 3 ),
"transitions": PoolRealArray( 1, 1 ),
"update": 0,
"values": [ Color( 0, 0, 0, 1 ), Color( 0, 0, 0, 0 ) ]
}

[sub_resource type="RectangleShape2D" id=2]
extents = Vector2( 236, 386.905 )

[sub_resource type="RectangleShape2D" id=3]
extents = Vector2( 452, 92 )

[sub_resource type="RectangleShape2D" id=4]
extents = Vector2( 17.877, 173.628 )

[sub_resource type="RectangleShape2D" id=5]
extents = Vector2( 10, 533 )

[sub_resource type="RectangleShape2D" id=6]
extents = Vector2( 10, 533 )

[node name="Node2D" type="Node2D"]

[node name="AnimationPlayer" type="AnimationPlayer" parent="."]
anims/Fade = SubResource( 1 )

[node name="bedroom morning" type="Sprite" parent="."]
position = Vector2( 960, 540 )
scale = Vector2( 0.5, 0.5 )
texture = ExtResource( 7 )

[node name="TextureRect" type="TextureRect" parent="."]
margin_right = 40.0
margin_bottom = 40.0
rect_scale = Vector2( 0.5, 0.5 )
texture = ExtResource( 19 )
__meta__ = {
"_edit_use_anchors_": false
}

[node name="AreaCurtain" type="Area2D" parent="."]
position = Vector2( 1212, 254.5 )
scale = Vector2( 0.5, 0.504 )
script = ExtResource( 13 )

[node name="CollisionShape2D" type="CollisionShape2D" parent="AreaCurtain"]
position = Vector2( -82, 368.056 )
shape = SubResource( 2 )

[node name="curtainOpen" type="Sprite" parent="AreaCurtain"]
texture = ExtResource( 5 )

[node name="curtainClose" type="Sprite" parent="AreaCurtain"]
visible = false
position = Vector2( 0, 336.31 )
scale = Vector2( 1, 0.997024 )
texture = ExtResource( 2 )

[node name="interactButton" type="Sprite" parent="AreaCurtain"]
visible = false
position = Vector2( -10.5251, -219.246 )
scale = Vector2( 0.5, 0.5 )
texture = ExtResource( 3 )

[node name="AreaBed" type="Area2D" parent="."]
position = Vector2( 1602, 761 )
scale = Vector2( 0.5, 0.5 )
script = ExtResource( 14 )

[node name="CollisionShape2D" type="CollisionShape2D" parent="AreaBed"]
position = Vector2( 174, 0 )
shape = SubResource( 3 )

[node name="bed" type="Sprite" parent="AreaBed"]
texture = ExtResource( 9 )

[node name="bedWithChris" type="Sprite" parent="AreaBed"]
visible = false
position = Vector2( 0, -4 )
texture = ExtResource( 4 )

[node name="interactButton" type="Sprite" parent="AreaBed"]
visible = false
position = Vector2( -10.5251, -373.702 )
scale = Vector2( 0.5, 0.5 )
texture = ExtResource( 3 )

[node name="AreaLamp" type="Area2D" parent="."]
position = Vector2( 883.188, 641.782 )
scale = Vector2( 0.492924, 0.499815 )
script = ExtResource( 15 )

[node name="CollisionShape2D" type="CollisionShape2D" parent="AreaLamp"]
shape = SubResource( 4 )

[node name="Light2D" type="Light2D" parent="AreaLamp"]
position = Vector2( 7.73352, -79.5934 )
scale = Vector2( 4.05742, 4.00148 )
enabled = false
texture = ExtResource( 8 )
color = Color( 0.862745, 1, 0.996078, 1 )

[node name="lamp" type="Sprite" parent="AreaLamp/Light2D"]
position = Vector2( -1.90601, 19.891 )
scale = Vector2( 0.246462, 0.249907 )
texture = ExtResource( 6 )

[node name="interactButton" type="Sprite" parent="AreaLamp"]
visible = false
position = Vector2( -10.5251, -373.702 )
scale = Vector2( 0.5, 0.5 )
texture = ExtResource( 3 )

[node name="Chris" parent="." instance=ExtResource( 11 )]
position = Vector2( 311, 717 )
script = ExtResource( 10 )

[node name="chair" type="Sprite" parent="."]
position = Vector2( 865, 811.12 )
scale = Vector2( 0.503937, 0.499597 )
texture = ExtResource( 1 )

[node name="clock morning" type="Sprite" parent="."]
position = Vector2( 762, 248 )
scale = Vector2( 0.5, 0.5 )
texture = ExtResource( 20 )

[node name="ColorRect" type="ColorRect" parent="."]
margin_right = 1920.0
margin_bottom = 1080.0
color = Color( 0, 0, 0, 0 )
__meta__ = {
"_edit_use_anchors_": false
}

[node name="limit left" type="StaticBody2D" parent="."]

[node name="CollisionShape2D" type="CollisionShape2D" parent="limit left"]
position = Vector2( -13, 539 )
shape = SubResource( 5 )

[node name="gotoLivingroom" type="Area2D" parent="."]
script = ExtResource( 12 )
sceneName = "Livingroom Morning 3"

[node name="CollisionShape2D" type="CollisionShape2D" parent="gotoLivingroom"]
position = Vector2( 1933, 539 )
shape = SubResource( 6 )

[node name="Morning" type="AudioStreamPlayer" parent="."]
stream = ExtResource( 21 )
autoplay = true

[connection signal="body_entered" from="AreaCurtain" to="AreaCurtain" method="_on_AreaCurtain_body_entered"]
[connection signal="body_exited" from="AreaCurtain" to="AreaCurtain" method="_on_AreaCurtain_body_exited"]
[connection signal="body_entered" from="AreaBed" to="AreaBed" method="_on_AreaBed_body_entered"]
[connection signal="body_exited" from="AreaBed" to="AreaBed" method="_on_AreaBed_body_exited"]
[connection signal="body_entered" from="AreaLamp" to="AreaLamp" method="_on_AreaLamp_body_entered"]
[connection signal="body_exited" from="AreaLamp" to="AreaLamp" method="_on_AreaLamp_body_exited"]
[connection signal="body_entered" from="gotoLivingroom" to="gotoLivingroom" method="_on_gotoLivingroom_body_entered"]
