[gd_scene load_steps=12 format=2]

[ext_resource path="res://Assets/Button/interactButton.png" type="Texture" id=1]
[ext_resource path="res://Assets/Background/Game Store/game store.png" type="Texture" id=2]
[ext_resource path="res://Scripts/AreaGameKeeper.gd" type="Script" id=3]
[ext_resource path="res://Scripts/AreaGameShelf.gd" type="Script" id=4]
[ext_resource path="res://Scenes/Chris.tscn" type="PackedScene" id=5]
[ext_resource path="res://Scripts/gotoRestoGame.gd" type="Script" id=6]
[ext_resource path="res://Scripts/Chris Outside.gd" type="Script" id=7]

[sub_resource type="RectangleShape2D" id=1]
extents = Vector2( 79, 124 )

[sub_resource type="RectangleShape2D" id=2]
extents = Vector2( 222, 204 )

[sub_resource type="RectangleShape2D" id=3]
extents = Vector2( 10, 533 )

[sub_resource type="RectangleShape2D" id=4]
extents = Vector2( 10, 533 )

[node name="Node2D" type="Node2D"]

[node name="AnimationPlayer" type="AnimationPlayer" parent="."]

[node name="TextureRect" type="TextureRect" parent="."]
margin_right = 40.0
margin_bottom = 40.0
rect_scale = Vector2( 0.5, 0.5 )
texture = ExtResource( 2 )
__meta__ = {
"_edit_use_anchors_": false
}

[node name="AreaGameKeeper" type="Area2D" parent="."]
script = ExtResource( 3 )

[node name="CollisionShape2D" type="CollisionShape2D" parent="AreaGameKeeper"]
position = Vector2( 1565, 579 )
shape = SubResource( 1 )

[node name="interactButton" type="Sprite" parent="AreaGameKeeper"]
visible = false
position = Vector2( 1567, 380 )
scale = Vector2( 0.229, 0.229 )
texture = ExtResource( 1 )

[node name="AreaGameShelf" type="Area2D" parent="."]
script = ExtResource( 4 )

[node name="CollisionShape2D" type="CollisionShape2D" parent="AreaGameShelf"]
position = Vector2( 856, 615 )
shape = SubResource( 2 )

[node name="interactButton" type="Sprite" parent="AreaGameShelf"]
visible = false
position = Vector2( 857, 325 )
scale = Vector2( 0.229, 0.229 )
texture = ExtResource( 1 )

[node name="Chris" parent="." instance=ExtResource( 5 )]
position = Vector2( 1795, 759 )
script = ExtResource( 7 )

[node name="gotoRestoGame" type="Area2D" parent="."]
script = ExtResource( 6 )
sceneName = "RestoGame From GameStore"

[node name="CollisionShape2D" type="CollisionShape2D" parent="gotoRestoGame"]
position = Vector2( 1932, 539 )
shape = SubResource( 3 )

[node name="limit left" type="StaticBody2D" parent="."]

[node name="CollisionShape2D" type="CollisionShape2D" parent="limit left"]
position = Vector2( -13, 539 )
shape = SubResource( 4 )

[connection signal="body_entered" from="AreaGameKeeper" to="AreaGameKeeper" method="_on_AreaGameKeeper_body_entered"]
[connection signal="body_exited" from="AreaGameKeeper" to="AreaGameKeeper" method="_on_AreaGameKeeper_body_exited"]
[connection signal="body_entered" from="AreaGameShelf" to="AreaGameShelf" method="_on_AreaGameShelf_body_entered"]
[connection signal="body_exited" from="AreaGameShelf" to="AreaGameShelf" method="_on_AreaGameShelf_body_exited"]
[connection signal="body_entered" from="gotoRestoGame" to="gotoRestoGame" method="_on_gotoRestoGame_body_entered"]
