[gd_scene load_steps=9 format=2]

[ext_resource path="res://Assets/Font/Nexa-Bold.otf" type="DynamicFontData" id=1]
[ext_resource path="res://Assets/Font/Piko-Regular.ttf" type="DynamicFontData" id=2]
[ext_resource path="res://Assets/Background/Menu.png" type="Texture" id=3]
[ext_resource path="res://Scripts/MenuButton.gd" type="Script" id=4]
[ext_resource path="res://Assets/Sound/menu.wav" type="AudioStream" id=5]

[sub_resource type="DynamicFont" id=1]
size = 200
font_data = ExtResource( 1 )

[sub_resource type="DynamicFont" id=2]
size = 200
font_data = ExtResource( 2 )

[sub_resource type="DynamicFont" id=3]
size = 200
font_data = ExtResource( 2 )

[node name="MarginContainer" type="MarginContainer"]
margin_right = 3840.0
margin_bottom = 2160.0
rect_scale = Vector2( 0.5, 0.5 )
__meta__ = {
"_edit_use_anchors_": false
}

[node name="CenterContainer" type="CenterContainer" parent="."]
margin_right = 3840.0
margin_bottom = 2160.0

[node name="TextureRect" type="TextureRect" parent="CenterContainer"]
margin_right = 3840.0
margin_bottom = 2160.0
texture = ExtResource( 3 )

[node name="VBoxContainer" type="VBoxContainer" parent="CenterContainer"]
margin_left = 661.0
margin_top = 169.0
margin_right = 3179.0
margin_bottom = 1990.0
custom_constants/separation = 150

[node name="Space" type="Label" parent="CenterContainer/VBoxContainer"]
modulate = Color( 1, 1, 1, 0 )
margin_right = 2518.0
margin_bottom = 251.0
custom_fonts/font = SubResource( 1 )
text = "I Wish I Knew"
align = 1
valign = 1

[node name="Space2" type="Label" parent="CenterContainer/VBoxContainer"]
modulate = Color( 1, 1, 1, 0 )
margin_top = 401.0
margin_right = 2518.0
margin_bottom = 652.0
custom_fonts/font = SubResource( 1 )
text = "I Wish I Knew"
align = 1
valign = 1

[node name="Space3" type="Label" parent="CenterContainer/VBoxContainer"]
modulate = Color( 1, 1, 1, 0 )
margin_top = 802.0
margin_right = 2518.0
margin_bottom = 1053.0
custom_fonts/font = SubResource( 1 )
text = "I Wish I Knew"
align = 1
valign = 1

[node name="Title" type="Label" parent="CenterContainer/VBoxContainer"]
margin_top = 1203.0
margin_right = 2518.0
margin_bottom = 1454.0
custom_fonts/font = SubResource( 1 )
text = "I Wish I Knew"
align = 1
valign = 1

[node name="HBoxContainer" type="HBoxContainer" parent="CenterContainer/VBoxContainer"]
margin_top = 1604.0
margin_right = 2518.0
margin_bottom = 1821.0
custom_constants/separation = 1300

[node name="PlayButton" type="LinkButton" parent="CenterContainer/VBoxContainer/HBoxContainer"]
margin_right = 611.0
margin_bottom = 217.0
custom_fonts/font = SubResource( 2 )
custom_colors/font_color = Color( 1, 1, 1, 1 )
custom_colors/font_color_hover = Color( 0.580392, 0.945098, 1, 1 )
text = "Play Game"
script = ExtResource( 4 )
scene_to_load = "Bedroom Night 1"

[node name="ExitButton" type="LinkButton" parent="CenterContainer/VBoxContainer/HBoxContainer"]
margin_left = 1911.0
margin_right = 2518.0
margin_bottom = 217.0
custom_fonts/font = SubResource( 3 )
custom_colors/font_color = Color( 1, 1, 1, 1 )
custom_colors/font_color_hover = Color( 0.580392, 0.945098, 1, 1 )
text = "Exit Game"
script = ExtResource( 4 )

[node name="Menu" type="AudioStreamPlayer" parent="."]
stream = ExtResource( 5 )
volume_db = 10.0
autoplay = true

[connection signal="pressed" from="CenterContainer/VBoxContainer/HBoxContainer/PlayButton" to="CenterContainer/VBoxContainer/HBoxContainer/PlayButton" method="_on_PlayButton_pressed"]
[connection signal="pressed" from="CenterContainer/VBoxContainer/HBoxContainer/ExitButton" to="CenterContainer/VBoxContainer/HBoxContainer/ExitButton" method="_on_ExitButton_pressed"]
