[gd_scene load_steps=14 format=2]

[ext_resource path="res://Assets/Background/School/school.png" type="Texture" id=2]
[ext_resource path="res://Assets/Background/School/floor.png" type="Texture" id=3]
[ext_resource path="res://Scripts/School Evening 2.gd" type="Script" id=4]
[ext_resource path="res://Scenes/Chris.tscn" type="PackedScene" id=5]
[ext_resource path="res://Assets/Character/Security.png" type="Texture" id=6]
[ext_resource path="res://Scripts/Chris Outside.gd" type="Script" id=7]
[ext_resource path="res://Scripts/gotoRestoGame.gd" type="Script" id=8]
[ext_resource path="res://Scripts/Wrong Way.gd" type="Script" id=9]
[ext_resource path="res://Assets/Button/interactButton.png" type="Texture" id=10]
[ext_resource path="res://Scripts/AreaSecurity.gd" type="Script" id=11]

[sub_resource type="Animation" id=1]
resource_name = "Fade"
length = 3.0
tracks/0/type = "value"
tracks/0/path = NodePath("ColorRect:color")
tracks/0/interp = 1
tracks/0/loop_wrap = true
tracks/0/imported = false
tracks/0/enabled = true
tracks/0/keys = {
"times": PoolRealArray( 0, 3 ),
"transitions": PoolRealArray( 1, 1 ),
"update": 0,
"values": [ Color( 0, 0, 0, 1 ), Color( 0, 0, 0, 0 ) ]
}

[sub_resource type="RectangleShape2D" id=2]
extents = Vector2( 68.75, 277.5 )

[sub_resource type="RectangleShape2D" id=3]
extents = Vector2( 10, 533 )

[node name="Node2D" type="Node2D"]
script = ExtResource( 4 )

[node name="AnimationPlayer" type="AnimationPlayer" parent="."]
anims/Fade = SubResource( 1 )

[node name="TextureRect" type="TextureRect" parent="."]
margin_top = 1.0
margin_right = 3840.0
margin_bottom = 2161.0
rect_scale = Vector2( 0.5, 0.5 )
texture = ExtResource( 2 )
__meta__ = {
"_edit_use_anchors_": false
}

[node name="AreaSecurity" type="Area2D" parent="."]
position = Vector2( 1286, 692 )
scale = Vector2( 0.8, 0.8 )
script = ExtResource( 11 )

[node name="CollisionShape2D" type="CollisionShape2D" parent="AreaSecurity"]
shape = SubResource( 2 )

[node name="Security" type="Sprite" parent="AreaSecurity"]
texture = ExtResource( 6 )

[node name="interactButton" type="Sprite" parent="AreaSecurity"]
visible = false
position = Vector2( 6.25, -373.75 )
scale = Vector2( 0.229, 0.229 )
texture = ExtResource( 10 )

[node name="Chris" parent="." instance=ExtResource( 5 )]
position = Vector2( 970, 709 )
scale = Vector2( 0.9, 0.9 )
script = ExtResource( 7 )

[node name="floor" type="Sprite" parent="."]
position = Vector2( 960, 993 )
scale = Vector2( 0.5, 0.5 )
texture = ExtResource( 3 )

[node name="ColorRect" type="ColorRect" parent="."]
margin_right = 1920.0
margin_bottom = 1080.0
color = Color( 0, 0, 0, 0 )
__meta__ = {
"_edit_use_anchors_": false
}

[node name="wrong way" type="Area2D" parent="."]
script = ExtResource( 9 )

[node name="CollisionShape2D" type="CollisionShape2D" parent="wrong way"]
position = Vector2( -13, 539 )
shape = SubResource( 3 )

[node name="gotoRestoGame" type="Area2D" parent="."]
script = ExtResource( 8 )
sceneName = "RestoGame From School"

[node name="CollisionShape2D" type="CollisionShape2D" parent="gotoRestoGame"]
position = Vector2( 1932, 539 )
shape = SubResource( 3 )

[connection signal="animation_finished" from="AnimationPlayer" to="." method="_on_AnimationPlayer_animation_finished"]
[connection signal="body_entered" from="AreaSecurity" to="AreaSecurity" method="_on_AreaSecurity_body_entered"]
[connection signal="body_exited" from="AreaSecurity" to="AreaSecurity" method="_on_AreaSecurity_body_exited"]
[connection signal="body_entered" from="wrong way" to="wrong way" method="_on_wrong_way_body_entered"]
[connection signal="body_entered" from="gotoRestoGame" to="gotoRestoGame" method="_on_gotoRestoGame_body_entered"]
